@article{forstmeier2011female,
  title={Female extrapair mating behavior can evolve via indirect selection on males},
  author={Forstmeier, Wolfgang and Martin, Katrin and Bolund, Elisabeth and Schielzeth, Holger and Kempenaers, Bart},
  journal={Proceedings of the National Academy of Sciences},
  volume={108},
  number={26},
  pages={10608--10613},
  year={2011},
  publisher={National Acad Sciences}
}


@article{maldonado2018linking,
  title={Linking the fine-scale social environment to mating decisions: a future direction for the study of extra-pair paternity},
  author={Maldonado-Chaparro, Adriana A and Montiglio, Pierre-Olivier and Forstmeier, Wolfgang and Kempenaers, Bart and Farine, Damien R},
  journal={Biological Reviews},
  volume={93},
  number={3},
  pages={1558--1577},
  year={2018},
  publisher={Wiley Online Library}
}

@article{maldonado2021relationship,
  title={Relationship quality underpins pair bond formation and subsequent reproductive performance},
  author={Maldonado-Chaparro, Adriana Alexandra and Forstmeier, Wolfgang and Farine, Damien R},
  journal={Animal Behaviour},
  volume={182},
  pages={43--58},
  year={2021},
  publisher={Elsevier}
}

@article{wang2020role,
  title={The role of genetic constraints and social environment in explaining female extra-pair mating},
  author={Wang, Daiping and Forstmeier, Wolfgang and Martin, Katrin and Wilson, Alastair and Kempenaers, Bart},
  journal={Evolution},
  volume={74},
  number={3},
  pages={544--558},
  year={2020},
  publisher={Wiley Online Library}
}

@article{radersma2021estimating,
  title={Estimating heritability of social phenotypes from social networks},
  author={Radersma, Reinder},
  journal={Methods in Ecology and Evolution},
  volume={12},
  number={1},
  pages={42--53},
  year={2021},
  publisher={Wiley Online Library}
}


@article{forstmeier2014female,
  title={Female extra-pair mating: adaptation or genetic constraint?},
  author={Forstmeier, Wolfgang and Nakagawa, Shinichi and Griffith, Simon C and Kempenaers, Bart},
  journal={Trends in Ecology \& Evolution},
  volume={29},
  number={8},
  pages={456--464},
  year={2014},
  publisher={Elsevier}
}


@article{brouwer2019extra,
  title={Extra-pair paternity in birds},
  author={Brouwer, Lyanne and Griffith, Simon C},
  journal={Molecular ecology},
  volume={28},
  number={22},
  pages={4864--4882},
  year={2019},
  publisher={Wiley Online Library}
}


@article{wilson2010ecologist,
  title={An ecologistâ€™s guide to the animal model},
  author={Wilson, Alastair J and Reale, Denis and Clements, Michelle N and Morrissey, Michael M and Postma, Erik and Walling, Craig A and Kruuk, Loeske EB and Nussey, Daniel H},
  journal={Journal of animal ecology},
  volume={79},
  number={1},
  pages={13--26},
  year={2010},
  publisher={Wiley Online Library}
}

