@article{buchanan1997simple,
  title={When is simple good enough: a comparison of the Gompertz, Baranyi, and three-phase linear models for fitting bacterial growth curves},
  author={Buchanan, RL and Whiting, RC and Damert, WC},
  journal={Food microbiology},
  volume={14},
  number={4},
  pages={313--326},
  year={1997},
  publisher={Elsevier}
}


@article{olofsson2011modeling,
  title={Modeling and estimating bacterial lag phase},
  author={Olofsson, Peter and Ma, Xin},
  journal={Mathematical biosciences},
  volume={234},
  number={2},
  pages={127--131},
  year={2011},
  publisher={Elsevier}
}



@article{baranyi2009parameter,
  title={Parameter estimation for the distribution of single cell lag times},
  author={Baranyi, J{\'o}zsef and George, Susan M and Kutalik, Zolt{\'a}n},
  journal={Journal of theoretical biology},
  volume={259},
  number={1},
  pages={24--30},
  year={2009},
  publisher={Elsevier}
}

@article{grijspeerdt1999estimating,
  title={Estimating the parameters of the Baranyi model for bacterial growth},
  author={Grijspeerdt, Koen and Vanrolleghem, Peter},
  journal={Food microbiology},
  volume={16},
  number={6},
  pages={593--605},
  year={1999},
  publisher={Elsevier}
}



@article{johnson2004model,
  title={Model selection in ecology and evolution},
  author={Johnson, Jerald B and Omland, Kristian S},
  journal={Trends in ecology \& evolution},
  volume={19},
  number={2},
  pages={101--108},
  year={2004},
  publisher={Elsevier}
}

@article{barton2015package,
  title={Package ‘mumin’},
  author={Barton, Kamil and Barton, Maintainer Kamil},
  journal={Version},
  volume={1},
  number={18},
  pages={439},
  year={2015}
}

@article{grimm2011nonlinear,
  title={Nonlinear growth curves in developmental research},
  author={Grimm, Kevin J and Ram, Nilam and Hamagami, Fumiaki},
  journal={Child development},
  volume={82},
  number={5},
  pages={1357--1371},
  year={2011},
  publisher={Wiley Online Library}
  }
  
  @article{bae2014growth,
  title={Growth characteristics and biofilm formation of various spoilage bacteria isolated from fresh produce},
  author={Bae, Young-Min and Zheng, Ling and Hyun, Jeong-Eun and Jung, Kyu-Seok and Heu, Sunggi and Lee, Sun-Young},
  journal={Journal of food science},
  volume={79},
  number={10},
  pages={M2072--M2080},
  year={2014},
  publisher={Wiley Online Library}
}


@article{whiting1992quantitative,
  title={A quantitative model for bacterial growth and decline},
  author={Whiting, RC and Cygnarowicz-Provost, M},
  journal={Food Microbiology},
  volume={9},
  number={4},
  pages={269--277},
  year={1992},
  publisher={Elsevier}
}


@article{baranyi1994dynamic,
  title={A dynamic approach to predicting bacterial growth in food},
  author={Baranyi, J{\'o}zsef and Roberts, Terry A},
  journal={International journal of food microbiology},
  volume={23},
  number={3-4},
  pages={277--294},
  year={1994},
  publisher={Elsevier}
}

@article{jane2019comparison,
  title={Comparison of polynomial and nonlinear models on description of pepper growth},
  author={Jane, S{\'e}rgio Alberto and Fernandes, Felipe Augusto and Silva, Edilson Marcelino and Muniz, Joel Augusto and Fernandes, Tales Jesus},
  journal={Revista Brasileira de Ci{\^e}ncias Agr{\'a}rias},
  volume={14},
  number={4},
  pages={1--7},
  year={2019}
}
@article{elzhov2016package,
  title={Package ‘minpack. lm’},
  author={Elzhov, Timur V and Mullen, Katharine M and Spiess, Andrej-Nikolai and Bolker, Ben and Mullen, Maintainer Katharine M and Suggests, MASS},
  journal={Title R Interface Levenberg-Marquardt Nonlinear Least-Sq. Algorithm Found MINPACK Plus Support Bounds},
  year={2016}
}
@article{peleg2011microbial,
  title={Microbial growth curves: what the models tell us and what they cannot},
  author={Peleg, Micha and Corradini, Maria G},
  journal={Critical reviews in food science and nutrition},
  volume={51},
  number={10},
  pages={917--945},
  year={2011},
  publisher={Taylor \& Francis}
}


@article{pla2015comparison,
  title={Comparison of primary models to predict microbial growth by the plate count and absorbance methods},
  author={Pla, Mar{\'\i}a-Leonor and Oltra, Sandra and Esteban, Mar{\'\i}a-Dolores and Andreu, Santiago and Palop, Alfredo},
  journal={BioMed research international},
  volume={2015},
  year={2015},
  publisher={Hindawi}
}


@incollection{akaike1998bayesian,
  title={A Bayesian analysis of the minimum AIC procedure},
  author={Akaike, Hirotugu},
  booktitle={Selected Papers of Hirotugu Akaike},
  pages={275--280},
  year={1998},
  publisher={Springer}
}

@article{verhulst1838notice,
  title={Notice sur la loi que la population suit dans son accroissement},
  author={Verhulst, Pierre-Fran{\c{c}}ois},
  journal={Corresp. Math. Phys.},
  volume={10},
  pages={113--126},
  year={1838}
}

@article{tjorve2017use,
  title={The use of Gompertz models in growth analyses, and new Gompertz-model approach: An addition to the Unified-Richards family},
  author={Tj{\o}rve, Kathleen MC and Tj{\o}rve, Even},
  journal={PloS one},
  volume={12},
  number={6},
  pages={e0178691},
  year={2017},
  publisher={Public Library of Science San Francisco, CA USA}
}

@article{baranyi1993modeling,
  title={Modeling bacterial growth responses},
  author={Baranyi, J and McClure, PJ and Sutherland, JP and Roberts, TA},
  journal={Journal of industrial microbiology and biotechnology},
  volume={12},
  number={3-5},
  pages={190--194},
  year={1993},
  publisher={Oxford University Press}
}

@article{wickham2017tidyverse,
  title={The tidyverse},
  author={Wickham, Hadley},
  journal={R package ver},
  volume={1},
  number={1},
  pages={836},
  year={2017}
}

@article{robinson2014broom,
  title={broom: An R package for converting statistical analysis objects into tidy data frames},
  author={Robinson, David},
  journal={arXiv preprint arXiv:1412.3565},
  year={2014}
}


@article{smith2007bacterial,
  title={Bacterial growth},
  author={Smith, HL and others},
  journal={Arizona State University},
  volume={14},
  year={2007},
  publisher={Citeseer}
}